% Encoding: UTF-8
@article{Miles2007,
  author = {Miles, Dale and Danforth, Robert},
  year = {2007},
  month = {01},
  pages = {1-13},
  title = {A clinician's guide to understanding cone beam volumetric imaging (CBVI)},
  journal = {Acad Dent Ther Stomatol}
}

@article{paszke2019pytorch,
  title={Pytorch: An imperative style, high-performance deep learning library},
  author={Paszke, Adam and Gross, Sam and Massa, Francisco and Lerer, Adam and Bradbury, James and Chanan, Gregory and Killeen, Trevor and Lin, Zeming and Gimelshein, Natalia and Antiga, Luca and others},
  journal={Advances in neural information processing systems},
  volume={32},
  year={2019}
}

@article{PerezGarcia2021torchio,
  title = {TorchIO: A Python library for efficient loading, preprocessing, augmentation and patch-based sampling of medical images in deep learning},
  journal = {Computer Methods and Programs in Biomedicine},
  volume = {208},
  pages = {106236},
  year = {2021},
  issn = {0169-2607},
  doi = {https://doi.org/10.1016/j.cmpb.2021.106236},
  url = {https://www.sciencedirect.com/science/article/pii/S0169260721003102},
  author = {Fernando Pérez-García and Rachel Sparks and Sébastien Ourselin},
  keywords = {Medical image computing, Deep learning, Data augmentation, Preprocessing},
}

@inproceedings{hatamizadeh2022unetr,
  title={Unetr: Transformers for 3d medical image segmentation},
  author={Hatamizadeh, Ali and Tang, Yucheng and Nath, Vishwesh and Yang, Dong and Myronenko, Andriy and Landman, Bennett and Roth, Holger R and Xu, Daguang},
  booktitle={Proceedings of the IEEE/CVF Winter Conference on Applications of Computer Vision},
  pages={574--584},
  year={2022}
}

@inproceedings{hatamizadeh2022swin,
  title={Swin unetr: Swin transformers for semantic segmentation of brain tumors in mri images},
  author={Hatamizadeh, Ali and Nath, Vishwesh and Tang, Yucheng and Yang, Dong and Roth, Holger R and Xu, Daguang},
  booktitle={International MICCAI Brainlesion Workshop},
  pages={272--284},
  year={2022},
  organization={Springer}
}

@inproceedings{tang2022self,
  title={Self-supervised pre-training of swin transformers for 3d medical image analysis},
  author={Tang, Yucheng and Yang, Dong and Li, Wenqi and Roth, Holger R and Landman, Bennett and Xu, Daguang and Nath, Vishwesh and Hatamizadeh, Ali},
  booktitle={Proceedings of the IEEE/CVF Conference on Computer Vision and Pattern Recognition},
  pages={20730--20740},
  year={2022}
}

@article{vaswani2017attention,
  title={Attention is all you need},
  author={Vaswani, Ashish and Shazeer, Noam and Parmar, Niki and Uszkoreit, Jakob and Jones, Llion and Gomez, Aidan N and Kaiser, {\L}ukasz and Polosukhin, Illia},
  journal={Advances in neural information processing systems},
  volume={30},
  year={2017}
}

@article{dosovitskiy2020image,
  title={An image is worth 16x16 words: Transformers for image recognition at scale},
  author={Dosovitskiy, Alexey and Beyer, Lucas and Kolesnikov, Alexander and Weissenborn, Dirk and Zhai, Xiaohua and Unterthiner, Thomas and Dehghani, Mostafa and Minderer, Matthias and Heigold, Georg and Gelly, Sylvain and others},
  journal={arXiv preprint arXiv:2010.11929},
  year={2020}
}

@inproceedings{kervadec2019boundary,
  title={Boundary loss for highly unbalanced segmentation},
  author={Kervadec, Hoel and Bouchtiba, Jihene and Desrosiers, Christian and Granger, Eric and Dolz, Jose and Ayed, Ismail Ben},
  booktitle={International conference on medical imaging with deep learning},
  pages={285--296},
  year={2019},
  organization={PMLR}
}

@inproceedings{cipriano2022improving,
  title={Improving segmentation of the inferior alveolar nerve through deep label propagation},
  author={Cipriano, Marco and Allegretti, Stefano and Bolelli, Federico and Pollastri, Federico and Grana, Costantino},
  booktitle={Proceedings of the IEEE/CVF Conference on Computer Vision and Pattern Recognition},
  pages={21137--21146},
  year={2022}
}

@misc{ronneberger2015unet,
  doi = {10.48550/ARXIV.1505.04597},
  author = {Ronneberger, Olaf and Fischer, Philipp and Brox, Thomas},
  keywords = {Computer Vision and Pattern Recognition (cs.CV), FOS: Computer and information sciences},
  title = {U-Net: Convolutional Networks for Biomedical Image Segmentation},
  publisher = {arXiv},
  year = {2015},
  copyright = {arXiv.org perpetual, non-exclusive license}
}

@inproceedings{cicek20163dunet,
  title={3D U-Net: learning dense volumetric segmentation from sparse annotation},
  author={{\c{C}}i{\c{c}}ek, {\"O}zg{\"u}n and Abdulkadir, Ahmed and Lienkamp, Soeren S and Brox, Thomas and Ronneberger, Olaf},
  booktitle={International conference on medical image computing and computer-assisted intervention},
  pages={424--432},
  year={2016},
  organization={Springer}
}

@inproceedings{milletari2016vnet,
  title={V-net: Fully convolutional neural networks for volumetric medical image segmentation},
  author={Milletari, Fausto and Navab, Nassir and Ahmadi, Seyed-Ahmad},
  booktitle={2016 fourth international conference on 3D vision (3DV)},
  pages={565--571},
  year={2016},
  organization={IEEE}
}

@inproceedings{gao2018lstm,
  title={Fully convolutional structured LSTM networks for joint 4D medical image segmentation},
  author={Gao, Yang and Phillips, Jeff M and Zheng, Yan and Min, Renqiang and Fletcher, P Thomas and Gerig, Guido},
  booktitle={2018 IEEE 15th International Symposium on Biomedical Imaging (ISBI 2018)},
  pages={1104--1108},
  year={2018},
  organization={IEEE}
}

@article{vu2020pseudo3d,
  title={Evaluation of multislice inputs to convolutional neural networks for medical image segmentation},
  author={Vu, Minh H and Grimbergen, Guus and Nyholm, Tufve and L{\"o}fstedt, Tommy},
  journal={Medical Physics},
  volume={47},
  number={12},
  pages={6216--6231},
  year={2020},
  publisher={Wiley Online Library}
}

@article{goodfellow2020gan,
  title={Generative adversarial networks},
  author={Goodfellow, Ian and Pouget-Abadie, Jean and Mirza, Mehdi and Xu, Bing and Warde-Farley, David and Ozair, Sherjil and Courville, Aaron and Bengio, Yoshua},
  journal={Communications of the ACM},
  volume={63},
  number={11},
  pages={139--144},
  year={2020},
  publisher={ACM New York, NY, USA}
}

@article{pollastri2020gan,
  title={Augmenting data with GANs to segment melanoma skin lesions},
  author={Pollastri, Federico and Bolelli, Federico and Paredes, Roberto and Grana, Costantino},
  journal={Multimedia Tools and Applications},
  volume={79},
  number={21},
  pages={15575--15592},
  year={2020},
  publisher={Springer}
}

@article{oktay2017acnn,
  title={Anatomically constrained neural networks (ACNNs): application to cardiac image enhancement and segmentation},
  author={Oktay, Ozan and Ferrante, Enzo and Kamnitsas, Konstantinos and Heinrich, Mattias and Bai, Wenjia and Caballero, Jose and Cook, Stuart A and De Marvao, Antonio and Dawes, Timothy and O‘Regan, Declan P and others},
  journal={IEEE transactions on medical imaging},
  volume={37},
  number={2},
  pages={384--395},
  year={2017},
  publisher={IEEE}
}

@article{guan2019fully,
  title={Fully dense UNet for 2-D sparse photoacoustic tomography artifact removal},
  author={Guan, Steven and Khan, Amir A and Sikdar, Siddhartha and Chitnis, Parag V},
  journal={IEEE journal of biomedical and health informatics},
  volume={24},
  number={2},
  pages={568--576},
  year={2019},
  publisher={IEEE}
}

@inproceedings{szegedy2015googlenet,
  title={Going deeper with convolutions},
  author={Szegedy, Christian and Liu, Wei and Jia, Yangqing and Sermanet, Pierre and Reed, Scott and Anguelov, Dragomir and Erhan, Dumitru and Vanhoucke, Vincent and Rabinovich, Andrew},
  booktitle={Proceedings of the IEEE conference on computer vision and pattern recognition},
  pages={1--9},
  year={2015}
}

@inproceedings{szegedy2016rethinking,
  title={Rethinking the inception architecture for computer vision},
  author={Szegedy, Christian and Vanhoucke, Vincent and Ioffe, Sergey and Shlens, Jon and Wojna, Zbigniew},
  booktitle={Proceedings of the IEEE conference on computer vision and pattern recognition},
  pages={2818--2826},
  year={2016}
}

@article{gu2019net,
  title={Ce-net: Context encoder network for 2d medical image segmentation},
  author={Gu, Zaiwang and Cheng, Jun and Fu, Huazhu and Zhou, Kang and Hao, Huaying and Zhao, Yitian and Zhang, Tianyang and Gao, Shenghua and Liu, Jiang},
  journal={IEEE transactions on medical imaging},
  volume={38},
  number={10},
  pages={2281--2292},
  year={2019},
  publisher={IEEE}
}

@article{howard2017mobilenets,
  title={Mobilenets: Efficient convolutional neural networks for mobile vision applications},
  author={Howard, Andrew G and Zhu, Menglong and Chen, Bo and Kalenichenko, Dmitry and Wang, Weijun and Weyand, Tobias and Andreetto, Marco and Adam, Hartwig},
  journal={arXiv preprint arXiv:1704.04861},
  year={2017}
}

@article{oktay2018attentionunet,
  title={Attention u-net: Learning where to look for the pancreas},
  author={Oktay, Ozan and Schlemper, Jo and Folgoc, Loic Le and Lee, Matthew and Heinrich, Mattias and Misawa, Kazunari and Mori, Kensaku and McDonagh, Steven and Hammerla, Nils Y and Kainz, Bernhard and others},
  journal={arXiv preprint arXiv:1804.03999},
  year={2018}
}

@inproceedings{hu2018squeeze,
  title={Squeeze-and-excitation networks},
  author={Hu, Jie and Shen, Li and Sun, Gang},
  booktitle={Proceedings of the IEEE conference on computer vision and pattern recognition},
  pages={7132--7141},
  year={2018}
}

@inproceedings{long2015fully,
  title={Fully convolutional networks for semantic segmentation},
  author={Long, Jonathan and Shelhamer, Evan and Darrell, Trevor},
  booktitle={Proceedings of the IEEE conference on computer vision and pattern recognition},
  pages={3431--3440},
  year={2015}
}

@incollection{sudre2017generalised,
  title={Generalised dice overlap as a deep learning loss function for highly unbalanced segmentations},
  author={Sudre, Carole H and Li, Wenqi and Vercauteren, Tom and Ourselin, Sebastien and Jorge Cardoso, M},
  booktitle={Deep learning in medical image analysis and multimodal learning for clinical decision support},
  pages={240--248},
  year={2017},
  publisher={Springer}
}

@article{li2020transformation,
  title={Transformation-consistent self-ensembling model for semisupervised medical image segmentation},
  author={Li, Xiaomeng and Yu, Lequan and Chen, Hao and Fu, Chi-Wing and Xing, Lei and Heng, Pheng-Ann},
  journal={IEEE Transactions on Neural Networks and Learning Systems},
  volume={32},
  number={2},
  pages={523--534},
  year={2020},
  publisher={IEEE}
}

@article{karimi2019reducing,
  title={Reducing the hausdorff distance in medical image segmentation with convolutional neural networks},
  author={Karimi, Davood and Salcudean, Septimiu E},
  journal={IEEE Transactions on medical imaging},
  volume={39},
  number={2},
  pages={499--513},
  year={2019},
  publisher={IEEE}
}

@article{elsken2019nassurvery,
  title={Neural architecture search: A survey},
  author={Elsken, Thomas and Metzen, Jan Hendrik and Hutter, Frank},
  journal={The Journal of Machine Learning Research},
  volume={20},
  number={1},
  pages={1997--2017},
  year={2019},
  publisher={JMLR. org}
}

@article{isensee2018nnu,
  title={nnu-net: Self-adapting framework for u-net-based medical image segmentation},
  author={Isensee, Fabian and Petersen, Jens and Klein, Andre and Zimmerer, David and Jaeger, Paul F and Kohl, Simon and Wasserthal, Jakob and Koehler, Gregor and Norajitra, Tobias and Wirkert, Sebastian and others},
  journal={arXiv preprint arXiv:1809.10486},
  year={2018}
}

@inproceedings{gao2019graph,
  title={Graph u-nets},
  author={Gao, Hongyang and Ji, Shuiwang},
  booktitle={international conference on machine learning},
  pages={2083--2092},
  year={2019},
  organization={PMLR}
}

@inproceedings{yang2020cpr,
  title={Cpr-gcn: Conditional partial-residual graph convolutional network in automated anatomical labeling of coronary arteries},
  author={Yang, Han and Zhen, Xingjian and Chi, Ying and Zhang, Lei and Hua, Xian-Sheng},
  booktitle={Proceedings of the IEEE/CVF conference on computer vision and pattern recognition},
  pages={3803--3811},
  year={2020}
}

@inproceedings{sun2020saunet,
  title={Saunet: Shape attentive u-net for interpretable medical image segmentation},
  author={Sun, Jesse and Darbehani, Fatemeh and Zaidi, Mark and Wang, Bo},
  booktitle={International Conference on Medical Image Computing and Computer-Assisted Intervention},
  pages={797--806},
  year={2020},
  organization={Springer}
}

@article{chen2021transunet,
  title={Transunet: Transformers make strong encoders for medical image segmentation},
  author={Chen, Jieneng and Lu, Yongyi and Yu, Qihang and Luo, Xiangde and Adeli, Ehsan and Wang, Yan and Lu, Le and Yuille, Alan L and Zhou, Yuyin},
  journal={arXiv preprint arXiv:2102.04306},
  year={2021}
}
